<collection xmlns="http://www.loc.gov/MARC21/slim">
<record>
  <leader>03294nam0a2200565 i 450 </leader>
  <controlfield tag="001">IT\ICCU\CNCE\004454</controlfield>
  <controlfield tag="005">20080628000000.0</controlfield>
  <datafield tag="012" ind1=" " ind2=" ">
    <subfield code="a">6563 reua r.is tugl (3) 1589 (A)</subfield>
    <subfield code="2">fei</subfield>
  </datafield>
  <datafield tag="100" ind1=" " ind2=" ">
    <subfield code="a">19970101d1589        0itac0103    ba</subfield>
  </datafield>
  <datafield tag="101" ind1=" " ind2=" ">
    <subfield code="a">LAT</subfield>
  </datafield>
  <datafield tag="102" ind1=" " ind2=" ">
    <subfield code="a">IT</subfield>
  </datafield>
  <datafield tag="200" ind1="1" ind2=" ">
    <subfield code="a">Consilia, quaestiones, et tractatus Bartoli a Saxoferrato. Quibus praeter Alex. Barb. Seissell. Pom. Nicelli, &amp; aliorum adnotationes, &amp; contrarietatum conciliationes accesserunt ...</subfield>
  </datafield>
  <datafield tag="210" ind1=" " ind2=" ">
    <subfield code="a">Augustae Taurinorum</subfield>
    <subfield code="c">\Compagnia della stampa!</subfield>
    <subfield code="d">1589</subfield>
  </datafield>
  <datafield tag="215" ind1=" " ind2=" ">
    <subfield code="a">225, \23! c.</subfield>
    <subfield code="c">ill.</subfield>
    <subfield code="d">fol</subfield>
  </datafield>
  <datafield tag="620" ind1=" " ind2=" ">
    <subfield code="a">IT</subfield>
    <subfield code="d">Torino</subfield>
  </datafield>
  <datafield tag="700" ind1=" " ind2="0">
    <subfield code="a">Bartolo</subfield>
    <subfield code="c"> : da#Sassoferrato</subfield>
    <subfield code="3">IT\ICCU\CNCA\001419</subfield>
  </datafield>
  <datafield tag="702" ind1=" " ind2="1">
    <subfield code="a">Nicelli,</subfield>
    <subfield code="b">Cristoforo</subfield>
    <subfield code="3">IT\ICCU\CNCA\025113</subfield>
  </datafield>
  <datafield tag="702" ind1=" " ind2="1">
    <subfield code="a">Barbazza,</subfield>
    <subfield code="b">Andrea</subfield>
    <subfield code="3">IT\ICCU\CNCA\001033</subfield>
  </datafield>
  <datafield tag="702" ind1=" " ind2="1">
    <subfield code="a">Poma,</subfield>
    <subfield code="b">Andrea</subfield>
    <subfield code="3">IT\ICCU\CNCA\001034</subfield>
  </datafield>
  <datafield tag="702" ind1=" " ind2="1">
    <subfield code="a">Tartagni,</subfield>
    <subfield code="b">Alessandro</subfield>
    <subfield code="3">IT\ICCU\CNCA\001036</subfield>
  </datafield>
  <datafield tag="702" ind1=" " ind2="1">
    <subfield code="a">Seyssel,</subfield>
    <subfield code="b">Claude : de</subfield>
    <subfield code="3">IT\ICCU\CNCA\001043</subfield>
  </datafield>
  <datafield tag="712" ind1="0" ind2="2">
    <subfield code="a">Compagnia della Stampa</subfield>
    <subfield code="c"> &lt;Torino&gt;</subfield>
    <subfield code="3">IT\ICCU\CNCT\000920</subfield>
    <subfield code="4">650</subfield>
  </datafield>
  <datafield tag="790" ind1=" " ind2="0">
    <subfield code="a">Bartolus</subfield>
    <subfield code="c"> : de#Saxoferrato</subfield>
    <subfield code="3">IT\ICCU\CNCA\012573</subfield>
    <subfield code="z">Bartolo : da#Sassoferrato</subfield>
  </datafield>
  <datafield tag="790" ind1=" " ind2="1">
    <subfield code="a">Alfani,</subfield>
    <subfield code="b">Bartholus</subfield>
    <subfield code="3">IT\ICCU\CNCA\020724</subfield>
    <subfield code="z">Bartolo : da#Sassoferrato</subfield>
  </datafield>
  <datafield tag="790" ind1=" " ind2="1">
    <subfield code="a">Nicellus,</subfield>
    <subfield code="b">Christophorus</subfield>
    <subfield code="3">IT\ICCU\CNCA\025132</subfield>
    <subfield code="z">Nicelli, Cristoforo</subfield>
  </datafield>
  <datafield tag="790" ind1=" " ind2="1">
    <subfield code="a">Nicellis,</subfield>
    <subfield code="b">Christophorus : de</subfield>
    <subfield code="3">IT\ICCU\CNCA\025134</subfield>
    <subfield code="z">Nicelli, Cristoforo</subfield>
  </datafield>
  <datafield tag="790" ind1=" " ind2="1">
    <subfield code="a">Nicello,</subfield>
    <subfield code="b">Cristoforo</subfield>
    <subfield code="3">IT\ICCU\CNCA\025135</subfield>
    <subfield code="z">Nicelli, Cristoforo</subfield>
  </datafield>
  <datafield tag="790" ind1=" " ind2="1">
    <subfield code="a">Barbatia,</subfield>
    <subfield code="b">Andreas</subfield>
    <subfield code="3">IT\ICCU\CNCA\027275</subfield>
    <subfield code="z">Barbazza, Andrea</subfield>
  </datafield>
  <datafield tag="790" ind1=" " ind2="1">
    <subfield code="a">Barbatius,</subfield>
    <subfield code="b">Andreas</subfield>
    <subfield code="3">IT\ICCU\CNCA\027276</subfield>
    <subfield code="z">Barbazza, Andrea</subfield>
  </datafield>
  <datafield tag="790" ind1=" " ind2="1">
    <subfield code="a">Pomatio,</subfield>
    <subfield code="b">Andrea</subfield>
    <subfield code="3">IT\ICCU\CNCA\023101</subfield>
    <subfield code="z">Poma, Andrea</subfield>
  </datafield>
  <datafield tag="790" ind1=" " ind2="1">
    <subfield code="a">Pomate,</subfield>
    <subfield code="b">Andreas : de</subfield>
    <subfield code="3">IT\ICCU\CNCA\023479</subfield>
    <subfield code="z">Poma, Andrea</subfield>
  </datafield>
  <datafield tag="790" ind1=" " ind2="0">
    <subfield code="a">Alessandro</subfield>
    <subfield code="c"> : d&apos;Imola</subfield>
    <subfield code="3">IT\ICCU\CNCA\007562</subfield>
    <subfield code="z">Tartagni, Alessandro</subfield>
  </datafield>
  <datafield tag="790" ind1=" " ind2="1">
    <subfield code="a">Tartagna,</subfield>
    <subfield code="b">Alessandro</subfield>
    <subfield code="3">IT\ICCU\CNCA\014966</subfield>
    <subfield code="z">Tartagni, Alessandro</subfield>
  </datafield>
  <datafield tag="790" ind1=" " ind2="0">
    <subfield code="a">Alexander</subfield>
    <subfield code="c"> : Imolensis</subfield>
    <subfield code="3">IT\ICCU\CNCA\014967</subfield>
    <subfield code="z">Tartagni, Alessandro</subfield>
  </datafield>
  <datafield tag="790" ind1=" " ind2="1">
    <subfield code="a">Tartagnus,</subfield>
    <subfield code="b">Alexander</subfield>
    <subfield code="3">IT\ICCU\CNCA\020820</subfield>
    <subfield code="z">Tartagni, Alessandro</subfield>
  </datafield>
  <datafield tag="790" ind1=" " ind2="0">
    <subfield code="a">Claudius</subfield>
    <subfield code="c"> : a#Seissel</subfield>
    <subfield code="3">IT\ICCU\CNCA\013730</subfield>
    <subfield code="z">Seyssel, Claude : de</subfield>
  </datafield>
  <datafield tag="790" ind1=" " ind2="1">
    <subfield code="a">Sesellius,</subfield>
    <subfield code="b">Claudius</subfield>
    <subfield code="3">IT\ICCU\CNCA\015350</subfield>
    <subfield code="z">Seyssel, Claude : de</subfield>
  </datafield>
  <datafield tag="790" ind1=" " ind2="1">
    <subfield code="a">Seisellus,</subfield>
    <subfield code="b">Claudius</subfield>
    <subfield code="3">IT\ICCU\CNCA\024622</subfield>
    <subfield code="z">Seyssel, Claude : de</subfield>
  </datafield>
  <datafield tag="801" ind1=" " ind2="3">
    <subfield code="a">IT</subfield>
    <subfield code="b">ICCU</subfield>
    <subfield code="c">20201113</subfield>
  </datafield>
  <datafield tag="899" ind1=" " ind2=" ">
    <subfield code="a">Biblioteca dello studentato per le missioni. Bologna</subfield>
    <subfield code="1">BO0345</subfield>
    <subfield code="2">PBE F2</subfield>
  </datafield>
  <datafield tag="899" ind1=" " ind2=" ">
    <subfield code="a">Biblioteca statale. Cremona</subfield>
    <subfield code="1">CR0062</subfield>
    <subfield code="2">LO1 28</subfield>
  </datafield>
  <datafield tag="899" ind1=" " ind2=" ">
    <subfield code="a">Biblioteca del Dipartimento di diritto privato e storia del diritto dell&apos;Universit ̉degli studi di Milano. Milano</subfield>
    <subfield code="1">MI1334</subfield>
    <subfield code="2">USM L1</subfield>
  </datafield>
  <datafield tag="899" ind1=" " ind2=" ">
    <subfield code="a">Biblioteca universitaria giuridica. Modena</subfield>
    <subfield code="1">MO0169</subfield>
    <subfield code="2">MOD UG</subfield>
  </datafield>
  <datafield tag="899" ind1=" " ind2=" ">
    <subfield code="a">Collezione privata L. Serego Alighieri. Castel del Piano Umbro</subfield>
    <subfield code="1">PG0388</subfield>
    <subfield code="2">ZPG 42</subfield>
  </datafield>
  <datafield tag="899" ind1=" " ind2=" ">
    <subfield code="a">Biblioteca universitaria. Pisa</subfield>
    <subfield code="1">PI0112</subfield>
    <subfield code="2">PIS R1</subfield>
  </datafield>
  <datafield tag="899" ind1=" " ind2=" ">
    <subfield code="a">Biblioteca comunale Ugo Nomi Venerosi-Pesciolini. San Gimignano</subfield>
    <subfield code="1">SI0037</subfield>
    <subfield code="2">RT1 PN</subfield>
  </datafield>
  <datafield tag="899" ind1=" " ind2=" ">
    <subfield code="a">Biblioteca nazionale universitaria. Torino</subfield>
    <subfield code="1">TO0265</subfield>
    <subfield code="2">TO0 02</subfield>
  </datafield>
  <datafield tag="899" ind1=" " ind2=" ">
    <subfield code="a">Biblioteca P. Bertolla del Seminario arcivescovile. Udine</subfield>
    <subfield code="1">UD0123</subfield>
    <subfield code="2">ZUD 06</subfield>
  </datafield>
  <datafield tag="911" ind1=" " ind2=" ">
    <subfield code="a">Sul front.</subfield>
    <subfield code="9">IT\ICCU\CNCM\000475</subfield>
  </datafield>
  <datafield tag="921" ind1=" " ind2=" ">
    <subfield code="a">IT\ICCU\CNCM\000475</subfield>
    <subfield code="b">Toro accosciato ai piedi di un albero.</subfield>
    <subfield code="e">Nec ingrata Diis</subfield>
    <subfield code="c">V248</subfield>
    <subfield code="c">Z1164</subfield>
    <subfield code="d">Dimensioni: 15 x 18</subfield>
    <subfield code="f">TORO</subfield>
    <subfield code="f">ALBERO</subfield>
    <subfield code="g">1588-1593</subfield>
  </datafield>
</record>
</collection>
